@article{van2018continuation,
  title={Continuation of homoclinic orbits in the suspension bridge equation: a computer-assisted proof},
  author={van den Berg, Jan Bouwe and Breden, Maxime and Lessard, Jean-Philippe and Murray, Maxime},
  journal={Journal of Differential Equations},
  volume={264},
  number={5},
  pages={3086--3130},
  year={2018},
  publisher={Elsevier}
}

@article{sokolskii1974stability,
  title={On the stability of an autonomous Hamiltonian system with two degrees of freedom in the case of equal frequencies},
  author={Sokolskii, AG},
  journal={Prikladnaia Matematika I Mekhanika},
  volume={38},
  pages={791--799},
  year={1974}
}

@article{mcswiggen2003evolution,
  title={The evolution of invariant manifolds in Hamiltonian--Hopf bifurcations},
  author={McSwiggen, Patrick D and Meyer, Kenneth R},
  journal={Journal of Differential Equations},
  volume={189},
  number={2},
  pages={538--555},
  year={2003},
  publisher={Elsevier}
}

@article{schmidt1994versal,
  title={Versal normal form of the Hamiltonian function of the restricted problem of three bodies near L4},
  author={Schmidt, Dieter},
  journal={Journal of computational and applied mathematics},
  volume={52},
  number={1-3},
  pages={155--176},
  year={1994},
  publisher={Elsevier}
}

@article{santra2009homoclinic,
  title={Homoclinic solutions for fourth order traveling wave equations},
  author={Santra, Sanjiban and Wei, Juncheng},
  journal={SIAM journal on mathematical analysis},
  volume={41},
  number={5},
  pages={2038--2056},
  year={2009},
  publisher={SIAM}
}